@misc{BaseOn,
title={{Design a custom Beamer theme from scratch}},
url={http://tex.stackexchange.com/questions/146529/design-a-custom-beamer-theme-from-scratch/146682#146682},
howpublished = "\url{http://tex.stackexchange.com/questions/146529/design-a-custom-beamer-theme-from-scratch/146682#146682}",
year = {2014}
}
